<record><leader>00000cas a22000007a 4500</leader><controlfield tag="001">10238860</controlfield><controlfield tag="008">831220d18401841mouwr ne      0    0eng  </controlfield><datafield ind1=" " ind2=" " tag="010"><subfield code="a">sn 83016975 </subfield></datafield><datafield ind1=" " ind2=" " tag="040"><subfield code="a">DLC</subfield><subfield code="b">eng</subfield><subfield code="c">DLC</subfield><subfield code="d">MQN</subfield><subfield code="d">OCLCQ</subfield></datafield><datafield ind1=" " ind2=" " tag="042"><subfield code="a">msc</subfield></datafield><datafield ind1="0" ind2="0" tag="050"><subfield code="a">Newspaper 8583-X</subfield></datafield><datafield ind1="0" ind2="0" tag="245"><subfield code="a">Fulton reformer.</subfield></datafield><datafield ind1=" " ind2=" " tag="260"><subfield code="a">Fulton, Mo. :</subfield><subfield code="b">A. Hammond</subfield></datafield><datafield ind1=" " ind2=" " tag="300"><subfield code="a">v. ;</subfield><subfield code="c">68 cm.</subfield></datafield><datafield ind1=" " ind2=" " tag="310"><subfield code="a">Weekly</subfield></datafield><datafield ind1="1" ind2=" " tag="362"><subfield code="a">Began with May 28, 1840 issue.</subfield><subfield code="z">Cf. Gregory, W. Amer. newspapers.</subfield></datafield><datafield ind1="1" ind2=" " tag="362"><subfield code="a">Ceased in 1841.</subfield><subfield code="z">Cf. Taft, W.H. Mo. newspapers: when and where, 1964.</subfield></datafield><datafield ind1=" " ind2=" " tag="588"><subfield code="a">Description based on: Vol. 1, no. 4 (June 18, 1840).</subfield></datafield><datafield ind1=" " ind2=" " tag="752"><subfield code="a">United States</subfield><subfield code="b">Missouri</subfield><subfield code="c">Callaway</subfield><subfield code="d">Fulton.</subfield></datafield><datafield ind1="0" ind2="0" tag="780"><subfield code="t">Banner of liberty (Fulton, Mo.)</subfield><subfield code="w">(DLC)sn 83016974</subfield></datafield><datafield ind1="0" ind2="0" tag="785"><subfield code="t">Callaway watchman</subfield></datafield><datafield ind1="1" ind2=" " tag="029"><subfield code="a">AU@</subfield><subfield code="b">000025786508</subfield></datafield></record>